<record xmlns="http://www.loc.gov/MARC21/slim">
   <leader>02492pam a2200493 i 4500</leader>
   <controlfield tag="001">6803454</controlfield>
   <controlfield tag="003">OCoLC</controlfield>
   <controlfield tag="005">20150126112718.0</controlfield>
   <controlfield tag="008">140609s2015    nyu      b    000 0 eng  </controlfield>
   <datafield ind1=" " ind2=" " tag="010">
      <subfield code="a">  2014016460</subfield>
   </datafield>
   <datafield ind1=" " ind2=" " tag="015">
      <subfield code="a">GBB4B9546</subfield>
      <subfield code="2">bnb</subfield>
   </datafield>
   <datafield ind1="7" ind2=" " tag="016">
      <subfield code="a">016912942</subfield>
      <subfield code="2">Uk</subfield>
   </datafield>
   <datafield ind1=" " ind2=" " tag="020">
      <subfield code="a">9781138022300</subfield>
      <subfield code="q">hardback</subfield>
   </datafield>
   <datafield ind1=" " ind2=" " tag="020">
      <subfield code="a">1138022306</subfield>
      <subfield code="q">hardback</subfield>
   </datafield>
   <datafield ind1=" " ind2=" " tag="020">
      <subfield code="z">9781315777108</subfield>
      <subfield code="q">ebk</subfield>
   </datafield>
   <datafield ind1=" " ind2=" " tag="020">
      <subfield code="a">9781138022317</subfield>
      <subfield code="q">pbk.</subfield>
   </datafield>
   <datafield ind1=" " ind2=" " tag="020">
      <subfield code="a">1138022314</subfield>
      <subfield code="q">pbk.</subfield>
   </datafield>
   <datafield ind1=" " ind2=" " tag="020">
      <subfield code="a">131577710X</subfield>
      <subfield code="q">ebk</subfield>
   </datafield>
   <datafield ind1=" " ind2=" " tag="020">
      <subfield code="a">9781315777108</subfield>
      <subfield code="q">ebk</subfield>
   </datafield>
   <datafield ind1=" " ind2=" " tag="035">
      <subfield code="a">ocn879583671</subfield>
   </datafield>
   <datafield ind1=" " ind2=" " tag="040">
      <subfield code="a">DLC</subfield>
      <subfield code="b">eng</subfield>
      <subfield code="e">rda</subfield>
      <subfield code="c">DLC</subfield>
      <subfield code="d">YDXCP</subfield>
      <subfield code="d">BTCTA</subfield>
      <subfield code="d">OCLCO</subfield>
      <subfield code="d">BDX</subfield>
      <subfield code="d">OCLCF</subfield>
      <subfield code="d">OCLCO</subfield>
      <subfield code="d">UKMGB</subfield>
      <subfield code="d">OCLCQ</subfield>
      <subfield code="d">SINIE</subfield>
      <subfield code="d">UAB</subfield>
      <subfield code="d">AEU</subfield>
   </datafield>
   <datafield ind1=" " ind2=" " tag="042">
      <subfield code="a">pcc</subfield>
   </datafield>
   <datafield ind1="0" ind2="0" tag="050">
      <subfield code="a">LB1555</subfield>
      <subfield code="b">.R83 2015</subfield>
   </datafield>
   <datafield ind1="0" ind2="0" tag="082">
      <subfield code="a">372.1102</subfield>
      <subfield code="2">23</subfield>
   </datafield>
   <datafield ind1=" " ind2=" " tag="090">
      <subfield code="a">LB 1555 R83 2015</subfield>
      <subfield code="b">AEU</subfield>
   </datafield>
   <datafield ind1="1" ind2=" " tag="100">
      <subfield code="a">Rubin, Renee,</subfield>
      <subfield code="d">1954-</subfield>
      <subfield code="e">author.</subfield>
   </datafield>
   <datafield ind1="1" ind2="0" tag="245">
      <subfield code="a">Less is more in elementary school :</subfield>
      <subfield code="b">strategies for thriving in a high-stakes environment /</subfield>
      <subfield code="c">Renee Rubin, Michelle H. Abrego, and John A. Sutterby.</subfield>
   </datafield>
   <datafield ind1=" " ind2="1" tag="264">
      <subfield code="a">New York ;</subfield>
      <subfield code="a">London :</subfield>
      <subfield code="b">Routledge, Taylor &amp; Francis Group,</subfield>
      <subfield code="c">2015.</subfield>
   </datafield>
   <datafield ind1=" " ind2=" " tag="300">
      <subfield code="a">x, 203 pages ;</subfield>
      <subfield code="c">23 cm.</subfield>
   </datafield>
   <datafield ind1=" " ind2=" " tag="336">
      <subfield code="a">text</subfield>
      <subfield code="b">txt</subfield>
      <subfield code="2">rdacontent</subfield>
   </datafield>
   <datafield ind1=" " ind2=" " tag="337">
      <subfield code="a">unmediated</subfield>
      <subfield code="b">n</subfield>
      <subfield code="2">rdamedia</subfield>
   </datafield>
   <datafield ind1=" " ind2=" " tag="338">
      <subfield code="a">volume</subfield>
      <subfield code="b">nc</subfield>
      <subfield code="2">rdacarrier</subfield>
   </datafield>
   <datafield ind1="1" ind2=" " tag="490">
      <subfield code="a">Eye on education book</subfield>
   </datafield>
   <datafield ind1=" " ind2=" " tag="504">
      <subfield code="a">Includes bibliographical references.</subfield>
   </datafield>
   <datafield ind1=" " ind2=" " tag="520">
      <subfield code="a">"In this era of rigorous standards, testing, and overcrowded curricula, many teachers are left wondering how they're ever going to cover the material. Less Is More in Elementary School offers realistic solutions by providing ways teachers can streamline their curriculum, collaborate with colleagues in different departments, differentiate instruction, promote research and critical thinking skills, and engage students in their own learning. This much-needed book will help teachers and principals meet the demands of the Common Core more efficiently and effectively. Each chapter is filled with practical strategies that elementary school teachers and principals can implement immediately to bring all students to success"--</subfield>
      <subfield code="c">Provided by publisher.</subfield>
   </datafield>
   <datafield ind1=" " ind2=" " tag="596">
      <subfield code="a">41</subfield>
   </datafield>
   <datafield ind1=" " ind2="0" tag="650">
      <subfield code="a">Elementary school teaching.</subfield>
   </datafield>
   <datafield ind1=" " ind2="0" tag="650">
      <subfield code="a">Effective teaching.</subfield>
   </datafield>
   <datafield ind1=" " ind2="0" tag="650">
      <subfield code="a">Education, Elementary</subfield>
      <subfield code="x">Curricula.</subfield>
   </datafield>
   <datafield ind1="1" ind2=" " tag="700">
      <subfield code="a">Abrego, Michelle H.,</subfield>
      <subfield code="e">author.</subfield>
   </datafield>
   <datafield ind1="1" ind2=" " tag="700">
      <subfield code="a">Sutterby, John A.,</subfield>
      <subfield code="d">1966-</subfield>
      <subfield code="e">author.</subfield>
   </datafield>
   <datafield ind1=" " ind2="0" tag="830">
      <subfield code="a">Eye on education book.</subfield>
   </datafield>
   <datafield ind1=" " ind2=" " tag="949">
      <subfield code="a">LB 1555 R83 2015</subfield>
      <subfield code="c">1</subfield>
      <subfield code="h">UAED-B</subfield>
      <subfield code="i">0162035236270</subfield>
   </datafield>
   <datafield ind1=" " ind2=" " tag="926">
      <subfield code="a">LB 1555 R83 2015</subfield>
      <subfield code="w">LC</subfield>
      <subfield code="c">1</subfield>
      <subfield code="i">0162035236270</subfield>
      <subfield code="l">FLOOR_2</subfield>
      <subfield code="m">UAEDUC</subfield>
      <subfield code="p">$150.00</subfield>
      <subfield code="r">Y</subfield>
      <subfield code="s">Y</subfield>
      <subfield code="t">BOOK</subfield>
      <subfield code="u">2/11/2015</subfield>
   </datafield>
</record>
